@book{erl05,
    author    = {Thomas Erl},
    title     = {Service-Oriented Architecture: Concepts, Technology, and Design},
    publisher = {Printice Hall},
    year      = {2005}}
@techreport{kitchenham07,
    author = {Kitchenham, Barbara and Charters, Stuart},
    citeulike-article-id = {3955888},
    citeulike-linkout-0 = {http://www.dur.ac.uk/ebse/resources/Systematic-reviews-5-8.pdf},
    institution = {Keele University and Durham University Joint Report},
    keywords = {research-methods, systematic-review},
    number = {EBSE 2007-001},
    posted-at = {2009-01-27 02:42:01},
    priority = {2},
    title = {{Guidelines for performing Systematic Literature Reviews in Software Engineering}},
    url = {http://www.dur.ac.uk/ebse/resources/Systematic-reviews-5-8.pdf},
    year = {2007}
} 
@inproceedings{atkinson04,
  author = {Atkinson, Darren C. and Weeks, Daniel C. and Noll, John},
  booktitle = {APSEC},
  date = {2005-01-25},
  isbn = {0-7695-2245-9},
  pages = {73-82},
  publisher = {IEEE Computer Society},
  title = {The Design of Evolutionary Process Modeling Languages.},
  year = {2004}
}
@misc{bpeltools,
    author    = {IAAS},
    title     = {Open source BPEL4Chor Tools},
    howpublished = {https://github.com/IAAS, last visited on November 2013}}